<?xml version="1.0" encoding="UTF-8"?><collection xmlns="http://www.loc.gov/MARC21/slim"><record><leader>00356nam--2200133-i-4500</leader><controlfield tag="001">000009992</controlfield><controlfield tag="002">20161230</controlfield><controlfield tag="005">20161230201028</controlfield><controlfield tag="008">060222s1000------------r-----000-0-eng-d</controlfield><datafield ind1=" " ind2=" " tag="100"><subfield code="a">Carruthers, W</subfield></datafield><datafield ind1=" " ind2=" " tag="245"><subfield code="a">Some modern methods of organic synthesis</subfield></datafield><datafield ind1=" " ind2=" " tag="260"><subfield code="a">Cambridge, At The University Press, 1971</subfield></datafield><datafield ind1=" " ind2=" " tag="490"><subfield code="a">Cambridge, Chemistry Texts</subfield></datafield><datafield ind1=" " ind2=" " tag="852"><subfield code="a">547</subfield></datafield></record></collection>